@online{DOMIntroduction,
    author = {MDN contributors},
    title = {Introduction to the DOM},
    year = 2024,
    url = {https://developer.mozilla.org/en-US/docs/Web/API/Document_Object_Model/Introduction},
    urldate = {2024-08-11}
}

@online{JSIntroduction,
    author = {Ilya Kantor},
    title = {An Introduction to JavaScript},
    year = 2024,
    url = {https://javascript.info/intro},
    urldate = {2024-08-11}
}

@online{WhatIsAnEnum,
    author = {David Bolton},
    title = {What Is an Enum in Programming Languages?},
    year = 2024,
    url = {https://www.thoughtco.com/what-is-an-enum-958326},
    urldate = {2024-08-14}
}

@online{Less,
    author = {Wikipedia contributors},
    title = {Less (style sheet language)},
    year = 2024,
    url = {https://en.wikipedia.org/wiki/Less_(style_sheet_language)},
    urldate = {2024-08-14}
}

@online{Sass,
    author = {Wikipedia contributors},
    title = {Sass (style sheet language)},
    year = 2024,
    url = {https://en.wikipedia.org/wiki/Sass_(style_sheet_language)},
    urldate = {2024-08-14}
}

@online{CssModules,
    author = {css-modules},
    title = {CSS Modules},
    year = 2024,
    url = {https://github.com/css-modules/css-modules},
    urldate = {2024-08-14}
}

@online{ReactState,
    author = {React team and external contributors},
    title = {State: A Component's Memory – React},
    year = 2024,
    url = {https://react.dev/learn/state-a-components-memory},
    urldate = {2024-08-14}
}

@online{UseRef,
    author = {React team and external contributors},
    title = {useRef – React},
    year = 2024,
    url = {https://react.dev/reference/react/useRef},
    urldate = {2024-08-14}
}

@online{StateManagementLibs,
    author = {Alex Kugell},
    title = {7 Top React State Management Libraries},
    year = 2022,
    url = {https://trio.dev/7-top-react-state-management-libraries},
    urldate = {2024-08-18}
}

@online{MobXComputed,
    author = {MobX contributors},
    title = {Deriving information with computeds},
    year = 2024,
    url = {https://mobx.js.org/computeds.html},
    urldate = {2024-08-18}
}

@online{Mocks,
    author = {Storybook contributors},
    title = {Mocking modules},
    year = 2024,
    url = {https://storybook.js.org/docs/writing-stories/mocking-data-and-modules/mocking-modules},
    urldate = {2024-08-18}
}

@online{WebpackIntro,
    author = {Ashish Nandan Singh},
    title = {An intro to Webpack},
    year = 2019,
    url = {https://www.freecodecamp.org/news/an-intro-to-webpack-what-it-is-and-how-to-use-it-8304ecdc3c60},
    urldate = {2024-08-18}
}

@online{Webpack,
    author = {Wikipedia contributors},
    title = {Webpack},    
    year = 2024,
    url = {https://en.wikipedia.org/wiki/Webpack},
    urldate = {2024-08-18}
}

@online{WebpackConcepts,
    author = {Webpack Contributors},
    title = {Concepts},
    year = 2024,
    url = {https://webpack.js.org/concepts/},
    urldate = {2024-08-18}
}

@online{WebpackDependency,
    author = {Webpack Contributors},
    title = {Dependency Graph},
    year = 2024,
    url = {https://webpack.js.org/concepts/dependency-graph},
    urldate = {2024-08-18}
}

@online{WebpackFounder,
    author = {Web Tech Talks},
    title = {Webpack founder Tobias Koppers demos bundling live by hand},
    year = 2018,
    url = {https://www.youtube.com/watch?v=UNMkLHzofQI},
    urldate = {2024-08-18}
}

@online{WhatIsAPI,
    author = {ByteScout Team of Writers},
    title = {What is API and why it exists?},
    year = 2024,
    url = {https://bytescout.com/blog/2019/03/what-is-api-and-why-it-exists.html},
    urldate = {2024-08-21}
}

@online{NodeJS,
    author = {Benjamin Semah},
    title = {What Exactly is Node.js?},
    year = 2022,
    url = {https://www.freecodecamp.org/news/what-is-node-js},
    urldate = {2024-08-21}
}

@online{NextJSDocs,
    author = {nextjs.org},
    title = {Introduction},
    year = 2024,
    url = {https://nextjs.org/docs},
    urldate = {2024-08-21}
}

@online{NextJSLearn,
    author = {nextjs.org},
    title = {Learn Next.js},
    year = 2024,
    url = {https://nextjs.org/learn},
    urldate = {2024-08-25}
}

@online{NextJSS&CComponents,
    author = {nextjs.org},
    title = {Next.js Server and client components},
    year = 2024,
    url = {https://nextjs.org/learn/react-foundations/server-and-client-components},
    urldate = {2024-09-01}
}

@online{NextJSServerComponents,
    author = {nextjs.org},
    title = {Next.js Server Components},
    year = 2024,
    url = {https://nextjs.org/docs/app/building-your-application/rendering/server-components},
    urldate = {2024-09-01}
}

@online{NextJSClientComponents,
    author = {nextjs.org},
    title = {Next.js Client Components},
    year = 2024,
    url = {https://nextjs.org/docs/app/building-your-application/rendering/client-components},
    urldate = {2024-09-01}
}
// todo
@online{HTMLStandard,
    author = {WHATWG},
    title = {HTML Standard},
    year = 2024,
    url = {https://html.spec.whatwg.org/multipage/introduction.html#introduction},
    urldate = {2024-09-03}
}

@online{TypesOfTests,
    author = {web.dev},
    title = {Types of automated testing},
    year = 2024,
    url = {https://web.dev/learn/testing/get-started/test-types},
    urldate = {2024-09-04}
}

@online{JestMethods,
    author = {Pradhumn Sharma},
    title = {What is the difference between jest.fn() and jest.spyOn() methods in jest?},
    year = 2019,
    url = {https://stackoverflow.com/questions/57643808/what-is-the-difference-between-jest-fn-and-jest-spyon-methods-in-jest},
    urldate = {2024-09-04}
}

@online{JestCoverage,
    author = {L. Heider},
    title = {Jest coverage: How can I get a total percentage of coverage?},
    year = 2020,
    url = {https://stackoverflow.com/questions/60967561/jest-coverage-how-can-i-get-a-total-percentage-of-coverage},
    urldate = {2024-09-04}
}

@online{I18nMeaning,
    author = {Robert Sheldon},
    title = {What is internationalization?},
    year = 2024,
    url = {https://www.techtarget.com/whatis/definition/internationalization-I18N},
    urldate = {2024-11-25}
}

@online{I18nextDocs,
    author = {i18next team},
    title = {Introduction},
    year = 2024,
    url = {https://www.i18next.com},
    urldate = {2024-09-04}
}

@online{I18nextVideo,
    author = {locize},
    title = {i18next Crash Course | the JavaScript i18n framework},
    year = 2022,
    url = {https://www.youtube.com/watch?v=SA_9i4TtxLQ},
    urldate = {2024-09-04}
}

@online{LocalazyPricing,
    author = {Localazy},
    title = {Localization for teams of any size},
    year = 2024,
    url = {https://localazy.com/pricing},
    urldate = {2024-09-07}
}

@online{LocalazyIntegration,
    author = {Localazy},
    title = {Integrate Localazy},
    year = 2024,
    url = {https://localazy.com/integrations},
    urldate = {2024-09-07}
}

@online{NetteHistory,
    author = {David Grudl},
    title = {History of Nette},
    year = 2024,
    url = {https://nette.org/en/history},
    urldate = {2024-09-08}
}

@online{NetteHowAppsWork,
    author = {David Grudl},
    title = {How Do Applications Work?},
    year = 2024,
    url = {https://doc.nette.org/en/application/how-it-works},
    urldate = {2024-09-08}
}

@online{CSSFlexbox,
    author = {Chris Coyier},
    title = {CSS Flexbox Layout Guide},
    year = 2024,
    url = {https://css-tricks.com/snippets/css/a-guide-to-flexbox},
    urldate = {2024-09-14}
}

@online{Rules,
    author = {React team and external contributors},
    title = {Rules of React},
    year = 2024,
    url = {https://react.dev/reference/rules},
    urldate = {2024-09-14}
}

@online{Components,
    author = {React team and external contributors},
    title = {Components and Hooks must be pure},
    year = 2024,
    url = {https://react.dev/reference/rules/components-and-hooks-must-be-pure},
    urldate = {2024-09-14}
}

@online{JSOrigins,
    author = {Sullivan Young},
    title = {What really is JavaScript? (Origins and The Basics)},
    year = 2022,
    url = {https://medium.com/@sullivanyoung/what-really-is-javascript-origins-and-the-basics-1b4914f355ed},
    urldate = {2024-09-28}
}

@online{WorldeeInfo,
    author = {Tomáš Zapletal},
    title = {Toto je Worldee},
    year = 2024,
    howpublished = {Internal source, ClickUp},
    note = {Unpublished}
}

@online{Worldee,
    author = {We travel the world s.r.o.},
    title = {Vyber si svůj způsob cestování},
    year = 2024,
    url = {https://www.worldee.com},
    urldate = {2024-11-25}
}

@online{WorldeeKovy,
    author = {Kovy},
    title = {Ultimátní roadtrip Skotskem! w/Míra | KOVY},
    year = 2024,
    url = {https://www.youtube.com/watch?v=66TMsTKaIbE},
    urldate = {2024-11-25}
}

@online{WorldeeInvestice,
    author = {Filip Magalhães},
    title = {Sto milionů pro Worldee. Český cestovatelský startup nakopne nový investor, je jím Smička z Bazoše},
    year = 2024,
    url = {https://www.hrot24.cz/clanek/sto-milionu-pro-worldee-cestovatelsky-startup-nakopne-novy-investor-je-jim-smicka-z-bazose},
    urldate = {2024-09-28}
}

@online{Podnikani,
    author = {AliaWeb, spol. s r.o.},
    title = {We travel the world s.r.o.},
    year = 2024,
    url = {https://www.podnikani.cz/08351864/we-travel-the-world-sro},
    urldate = {2024-09-28}
}

@online{JSX,
    author = {Sanity},
    title = {JSX definition},
    year = 2024,
    url = {https://www.sanity.io/glossary/jsx},
    urldate = {2024-10-04}
}

@online{JSBasics,
    author = {MDN contributors},
    title = {JavaScript basics},
    year = 2024,
    url = {https://developer.mozilla.org/en-US/docs/Learn/Getting_started_with_the_web/JavaScript_basics},
    urldate = {2024-10-06}
}

@online{JSHistory,
    author = {aryash},
    title = {History of JavaScript},
    year = 2024,
    url = {https://www.geeksforgeeks.org/history-of-javascript},
    urldate = {2024-10-06}
}

@online{NodejsWiki,
    author = {Wikipedia contributors},
    title = {Node.js},
    year = 2024,
    url = {https://en.wikipedia.org/wiki/Node.js},
    urldate = {2024-10-06}
}

@online{JSTypes,
    author = {MDN contributors},
    title = {JavaScript data types and data structures},
    year = 2024,
    url = {https://developer.mozilla.org/en-US/docs/Web/JavaScript/Data_structures},
    urldate = {2024-10-06}
}

@online{JSFunctions,
    author = {MDN contributors},
    title = {Functions},
    year = 2024,
    url = {https://developer.mozilla.org/en-US/docs/Web/JavaScript/Reference/Functions},
    urldate = {2024-10-07}
}

@online{TSGenerics,
    author = {TypeScript contributors},
    title = {Generics},
    year = 2024,
    url = {https://www.typescriptlang.org/docs/handbook/2/generics.html},
    urldate = {2024-10-09}
}

@online{WebpackFireship,
    author = {Fireship},
    title = {Module Bundlers Explained... Webpack, Rollup, Parcel, and Snowpack},
    year = 2020,
    url = {https://www.youtube.com/watch?v=5IG4UmULyoA},
    urldate = {2024-11-02}
}

@online{NodeJSGuide,
    author = {Fireship},
    title = {Node.js Ultimate Beginner’s Guide in 7 Easy Steps},
    year = 2020,
    url = {https://www.youtube.com/watch?v=ENrzD9HAZK4},
    urldate = {2024-11-02}
}

@online{JSDom,
    author = {W3schools},
    title = {JavaScript HTML DOM},
    year = 2024,
    url = {https://www.w3schools.com/js/js_htmldom.asp},
    urldate = {2024-11-02}
}

@online{VirtualDOM,
    author = {PurelyFunctional tv},
    title = {React and the Virtual DOM},
    year = 2015,
    url = {https://www.youtube.com/watch?v=BYbgopx44vo},
    urldate = {2024-11-02}
}

@online{ReactDeepDive,
    author = {FrontStart},
    title = {How React ACTUALLY works (DEEP DIVE 2023)},
    year = 2024,
    url = {https://www.youtube.com/watch?v=za2FZ8QCE18},
    urldate = {2024-11-02}
}

@online{Dlabaja2024,
    author = {Jan Dlabaja},
    title = {A je to venku...},
    year = 2024,
    url = {https://www.linkedin.com/posts/jan-dlabaja_html-css-javascriptu-activity-7234424469518258176-38iE/?originalSubdomain=cz},
    urldate = {2024-11-24}
}

@online{JSFunctionalProgramming,
    author = {Avi Aryan},
    title = {Introduction to Functional Programming: JavaScript Paradigms},
    year = 2025,
    url = {https://www.toptal.com/javascript/functional-programming-javascript},
    urldate = {2025-02-22}
}

@online{Elektronka,
    author = {Studenti SPŠE Olomouc},
    title = {Elektronka Online},
    year = 2025,
    url = {https://www.spseol.cz/prace-zaku-a-studentu/casopis-elektronka},
    urldate = {2025-02-26}
}

@online{ITDoupe,
    author = {Jan Dlabaja},
    title = {IT doupě},
    year = 2025,
    url = {https://github.com/dlabaja/IT_doupe},
    urldate = {2025-02-26}
}

@online{NextHydration,
    author = {Rajae Robinson},
    title = {Understanding Hydration in Next.js},
    year = 2024,
    url = {https://dev.to/rajaerobinson/understanding-hydration-in-nextjs-b5m},
    urldate = {2025-02-26}
}

@online{Tailwind,
    author = {Tailwind Labs Inc.},
    title = {Tailwind CSS - Rapidly build modern websites without ever leaving your HTML.},
    year = 2025,
    url = {https://tailwindcss.com/},
    urldate = {2025-02-26}
}

https://developer.mozilla.org/en-US/docs/Learn_web_development/Extensions/Advanced_JavaScript_objects/Classes_in_JavaScript